%YAML 1.1
%TAG !u! tag:unity3d.com,2011:
--- !u!1001 &100100000
Prefab:
  m_ObjectHideFlags: 1
  serializedVersion: 2
  m_Modification:
    m_TransformParent: {fileID: 0}
    m_Modifications: []
    m_RemovedComponents: []
  m_ParentPrefab: {fileID: 0}
  m_RootGameObject: {fileID: 1581147578426518}
  m_IsPrefabParent: 1
--- !u!1 &1581147578426518
GameObject:
  m_ObjectHideFlags: 0
  m_PrefabParentObject: {fileID: 0}
  m_PrefabInternal: {fileID: 100100000}
  serializedVersion: 5
  m_Component:
  - component: {fileID: 4838688601094572}
  - component: {fileID: 70355747616073796}
  - component: {fileID: 68560854903209574}
  - component: {fileID: 114073012628108536}
  - component: {fileID: 114355079771000020}
  - component: {fileID: 114916624530309826}
  m_Layer: 0
  m_Name: Atlas
  m_TagString: Untagged
  m_Icon: {fileID: 0}
  m_NavMeshLayer: 0
  m_StaticEditorFlags: 0
  m_IsActive: 1
--- !u!4 &4838688601094572
Transform:
  m_ObjectHideFlags: 1
  m_PrefabParentObject: {fileID: 0}
  m_PrefabInternal: {fileID: 100100000}
  m_GameObject: {fileID: 1581147578426518}
  m_LocalRotation: {x: -0, y: -0, z: -0, w: 1}
  m_LocalPosition: {x: -2.19, y: -2.61, z: 0}
  m_LocalScale: {x: 1, y: 1, z: 1}
  m_Children: []
  m_Father: {fileID: 0}
  m_RootOrder: 0
  m_LocalEulerAnglesHint: {x: 0, y: 0, z: 0}
--- !u!68 &68560854903209574
EdgeCollider2D:
  m_ObjectHideFlags: 1
  m_PrefabParentObject: {fileID: 0}
  m_PrefabInternal: {fileID: 100100000}
  m_GameObject: {fileID: 1581147578426518}
  m_Enabled: 1
  m_Density: 1
  m_Material: {fileID: 0}
  m_IsTrigger: 0
  m_UsedByEffector: 0
  m_UsedByComposite: 0
  m_Offset: {x: 0.06825, y: 0}
  m_EdgeRadius: 0.0075
  m_Points:
  - {x: 0, y: 0.12}
  - {x: 0, y: -0.08}
--- !u!70 &70355747616073796
CapsuleCollider2D:
  m_ObjectHideFlags: 1
  m_PrefabParentObject: {fileID: 0}
  m_PrefabInternal: {fileID: 100100000}
  m_GameObject: {fileID: 1581147578426518}
  m_Enabled: 1
  m_Density: 1
  m_Material: {fileID: 0}
  m_IsTrigger: 0
  m_UsedByEffector: 0
  m_UsedByComposite: 0
  m_Offset: {x: 0, y: -0.01}
  m_Size: {x: 0.15, y: 0.31}
  m_Direction: 0
--- !u!114 &114073012628108536
MonoBehaviour:
  m_ObjectHideFlags: 1
  m_PrefabParentObject: {fileID: 0}
  m_PrefabInternal: {fileID: 100100000}
  m_GameObject: {fileID: 1581147578426518}
  m_Enabled: 1
  m_EditorHideFlags: 0
  m_Script: {fileID: 11500000, guid: 1dfac23142f84087b7f3d17b0f7483a2, type: 3}
  m_Name: 
  m_EditorClassIdentifier: 
  serializationData:
    SerializedFormat: 2
    SerializedBytes: 
    ReferencedUnityObjects: []
    SerializedBytesString: 
    Prefab: {fileID: 0}
    PrefabModificationsReferencedUnityObjects: []
    PrefabModifications: []
    SerializationNodes:
    - Name: Flags
      Entry: 3
      Data: 1
    - Name: Tags
      Entry: 7
      Data: 0|System.Collections.Generic.List`1[[System.String, mscorlib]], mscorlib
    - Name: 
      Entry: 12
      Data: 0
    - Name: 
      Entry: 13
      Data: 
    - Name: 
      Entry: 8
      Data: 
--- !u!114 &114355079771000020
MonoBehaviour:
  m_ObjectHideFlags: 1
  m_PrefabParentObject: {fileID: 0}
  m_PrefabInternal: {fileID: 100100000}
  m_GameObject: {fileID: 1581147578426518}
  m_Enabled: 1
  m_EditorHideFlags: 0
  m_Script: {fileID: 11500000, guid: 59ca5e71a24f469385cd92dcc078b6a4, type: 3}
  m_Name: 
  m_EditorClassIdentifier: 
  serializationData:
    SerializedFormat: 2
    SerializedBytes: 
    ReferencedUnityObjects:
    - {fileID: 21300000, guid: 47e9c839be3112749bce64442a3017d8, type: 3}
    SerializedBytesString: 
    Prefab: {fileID: 0}
    PrefabModificationsReferencedUnityObjects: []
    PrefabModifications: []
    SerializationNodes:
    - Name: Preview
      Entry: 10
      Data: 0
    - Name: IsStatic
      Entry: 5
      Data: false
    - Name: Mass
      Entry: 4
      Data: 1
    - Name: UseCustomGravity
      Entry: 5
      Data: false
    - Name: EnableGravity
      Entry: 5
      Data: true
    - Name: CustomGravity
      Entry: 4
      Data: 0
    - Name: RoofDetector
      Entry: 7
      Data: 0|CircleTriggerZone, Assembly-CSharp
    - Name: Offset
      Entry: 7
      Data: UnityEngine.Vector2, UnityEngine
    - Name: 
      Entry: 4
      Data: 0
    - Name: 
      Entry: 4
      Data: 0.12
    - Name: 
      Entry: 8
      Data: 
    - Name: Radius
      Entry: 4
      Data: 0.05
    - Name: 
      Entry: 8
      Data: 
    - Name: GroundDetector
      Entry: 7
      Data: 1|CircleTriggerZone, Assembly-CSharp
    - Name: Offset
      Entry: 7
      Data: UnityEngine.Vector2, UnityEngine
    - Name: 
      Entry: 4
      Data: 0
    - Name: 
      Entry: 4
      Data: -0.12
    - Name: 
      Entry: 8
      Data: 
    - Name: Radius
      Entry: 4
      Data: 0.06
    - Name: 
      Entry: 8
      Data: 
    - Name: WallDetector
      Entry: 7
      Data: 2|BoxTriggerZone, Assembly-CSharp
    - Name: Offset
      Entry: 7
      Data: UnityEngine.Vector2, UnityEngine
    - Name: 
      Entry: 4
      Data: 0
    - Name: 
      Entry: 4
      Data: 0
    - Name: 
      Entry: 8
      Data: 
    - Name: Size
      Entry: 7
      Data: UnityEngine.Vector2, UnityEngine
    - Name: 
      Entry: 4
      Data: 0.2
    - Name: 
      Entry: 4
      Data: 0.2
    - Name: 
      Entry: 8
      Data: 
    - Name: 
      Entry: 8
      Data: 
--- !u!114 &114916624530309826
MonoBehaviour:
  m_ObjectHideFlags: 1
  m_PrefabParentObject: {fileID: 0}
  m_PrefabInternal: {fileID: 100100000}
  m_GameObject: {fileID: 1581147578426518}
  m_Enabled: 1
  m_EditorHideFlags: 0
  m_Script: {fileID: 11500000, guid: 7b4ca7bae21d4337b6d1e1adfb0302b6, type: 3}
  m_Name: 
  m_EditorClassIdentifier: 
  serializationData:
    SerializedFormat: 2
    SerializedBytes: 
    ReferencedUnityObjects:
    - {fileID: 7400000, guid: b27a6b160b77e4d44a79e017fc7ca453, type: 2}
    - {fileID: 7400000, guid: 6d51960f476658844ade169b9a075187, type: 2}
    - {fileID: 7400000, guid: 1d2b708a240f9164491e1ad66f13e21f, type: 2}
    - {fileID: 7400000, guid: f9a042fcedfd0704e841c9eee6a31424, type: 2}
    - {fileID: 7400000, guid: b12287248af56bd44981957d401be522, type: 2}
    - {fileID: 7400000, guid: 4408530665e93b542b614ebfcac3a576, type: 2}
    - {fileID: 114719960513199796, guid: ab9a966a74582dd4bba61266afa14cbc, type: 2}
    SerializedBytesString: 
    Prefab: {fileID: 0}
    PrefabModificationsReferencedUnityObjects: []
    PrefabModifications: []
    SerializationNodes:
    - Name: IsInvulnerable
      Entry: 5
      Data: false
    - Name: Health
      Entry: 7
      Data: 0|Resource, Assembly-CSharp
    - Name: max
      Entry: 3
      Data: 1
    - Name: current
      Entry: 3
      Data: 1
    - Name: 
      Entry: 8
      Data: 
    - Name: IdleAnimation
      Entry: 10
      Data: 0
    - Name: RunAnimation
      Entry: 10
      Data: 1
    - Name: InAirAnimation
      Entry: 10
      Data: 2
    - Name: ShootingAnimation
      Entry: 10
      Data: 3
    - Name: OnWallAnimation
      Entry: 10
      Data: 4
    - Name: DashAnimation
      Entry: 10
      Data: 5
    - Name: ActivationZone
      Entry: 7
      Data: 1|BoxTriggerZone, Assembly-CSharp
    - Name: Offset
      Entry: 7
      Data: UnityEngine.Vector2, UnityEngine
    - Name: 
      Entry: 4
      Data: 0.22
    - Name: 
      Entry: 4
      Data: -0.04
    - Name: 
      Entry: 8
      Data: 
    - Name: Size
      Entry: 7
      Data: UnityEngine.Vector2, UnityEngine
    - Name: 
      Entry: 4
      Data: 0.22
    - Name: 
      Entry: 4
      Data: 0.3
    - Name: 
      Entry: 8
      Data: 
    - Name: 
      Entry: 8
      Data: 
    - Name: ShootingBehaviour
      Entry: 7
      Data: 2|AdvancedBehaviour, Assembly-CSharp
    - Name: Motion
      Entry: 7
      Data: 3|AdvancedMotion, Assembly-CSharp
    - Name: Duration
      Entry: 4
      Data: 0.25
    - Name: ActionZones
      Entry: 7
      Data: 4|ActionZone[], Assembly-CSharp
    - Name: 
      Entry: 12
      Data: 0
    - Name: 
      Entry: 13
      Data: 
    - Name: 
      Entry: 8
      Data: 
    - Name: EntityEmissions
      Entry: 7
      Data: 5|EntityEmission[], Assembly-CSharp
    - Name: 
      Entry: 12
      Data: 3
    - Name: 
      Entry: 7
      Data: 6|EntityEmission, Assembly-CSharp
    - Name: EntityPrefab
      Entry: 10
      Data: 6
    - Name: EmittedTime
      Entry: 4
      Data: 0
    - Name: Position
      Entry: 7
      Data: UnityEngine.Vector2, UnityEngine
    - Name: 
      Entry: 4
      Data: 0.18
    - Name: 
      Entry: 4
      Data: 0.12
    - Name: 
      Entry: 8
      Data: 
    - Name: Direction
      Entry: 7
      Data: UnityEngine.Vector2, UnityEngine
    - Name: 
      Entry: 4
      Data: 1
    - Name: 
      Entry: 4
      Data: 0
    - Name: 
      Entry: 8
      Data: 
    - Name: 
      Entry: 8
      Data: 
    - Name: 
      Entry: 7
      Data: 7|EntityEmission, Assembly-CSharp
    - Name: EntityPrefab
      Entry: 10
      Data: 6
    - Name: EmittedTime
      Entry: 4
      Data: 0
    - Name: Position
      Entry: 7
      Data: UnityEngine.Vector2, UnityEngine
    - Name: 
      Entry: 4
      Data: 0.18
    - Name: 
      Entry: 4
      Data: 0
    - Name: 
      Entry: 8
      Data: 
    - Name: Direction
      Entry: 7
      Data: UnityEngine.Vector2, UnityEngine
    - Name: 
      Entry: 4
      Data: 1
    - Name: 
      Entry: 4
      Data: 0
    - Name: 
      Entry: 8
      Data: 
    - Name: 
      Entry: 8
      Data: 
    - Name: 
      Entry: 7
      Data: 8|EntityEmission, Assembly-CSharp
    - Name: EntityPrefab
      Entry: 10
      Data: 6
    - Name: EmittedTime
      Entry: 4
      Data: 0
    - Name: Position
      Entry: 7
      Data: UnityEngine.Vector2, UnityEngine
    - Name: 
      Entry: 4
      Data: 0.18
    - Name: 
      Entry: 4
      Data: -0.12
    - Name: 
      Entry: 8
      Data: 
    - Name: Direction
      Entry: 7
      Data: UnityEngine.Vector2, UnityEngine
    - Name: 
      Entry: 4
      Data: 1
    - Name: 
      Entry: 4
      Data: 0
    - Name: 
      Entry: 8
      Data: 
    - Name: 
      Entry: 8
      Data: 
    - Name: 
      Entry: 13
      Data: 
    - Name: 
      Entry: 8
      Data: 
    - Name: 
      Entry: 8
      Data: 
    - Name: 
      Entry: 8
      Data: 
