%YAML 1.1
%TAG !u! tag:unity3d.com,2011:
--- !u!1001 &100100000
Prefab:
  m_ObjectHideFlags: 1
  serializedVersion: 2
  m_Modification:
    m_TransformParent: {fileID: 0}
    m_Modifications: []
    m_RemovedComponents: []
  m_ParentPrefab: {fileID: 0}
  m_RootGameObject: {fileID: 1115851074346564}
  m_IsPrefabParent: 1
--- !u!1 &1115851074346564
GameObject:
  m_ObjectHideFlags: 0
  m_PrefabParentObject: {fileID: 0}
  m_PrefabInternal: {fileID: 100100000}
  serializedVersion: 5
  m_Component:
  - component: {fileID: 4449826478559110}
  - component: {fileID: 114646792685817488}
  - component: {fileID: 70915691951625934}
  - component: {fileID: 114829882127647068}
  - component: {fileID: 114044014488427770}
  m_Layer: 0
  m_Name: Useless
  m_TagString: Untagged
  m_Icon: {fileID: 0}
  m_NavMeshLayer: 0
  m_StaticEditorFlags: 0
  m_IsActive: 1
--- !u!4 &4449826478559110
Transform:
  m_ObjectHideFlags: 1
  m_PrefabParentObject: {fileID: 0}
  m_PrefabInternal: {fileID: 100100000}
  m_GameObject: {fileID: 1115851074346564}
  m_LocalRotation: {x: -0, y: -0, z: -0, w: 1}
  m_LocalPosition: {x: 7.202678, y: 1.0275846, z: 0}
  m_LocalScale: {x: 1, y: 1, z: 1}
  m_Children: []
  m_Father: {fileID: 0}
  m_RootOrder: 0
  m_LocalEulerAnglesHint: {x: 0, y: 0, z: 0}
--- !u!70 &70915691951625934
CapsuleCollider2D:
  m_ObjectHideFlags: 1
  m_PrefabParentObject: {fileID: 0}
  m_PrefabInternal: {fileID: 100100000}
  m_GameObject: {fileID: 1115851074346564}
  m_Enabled: 1
  m_Density: 1
  m_Material: {fileID: 0}
  m_IsTrigger: 0
  m_UsedByEffector: 0
  m_UsedByComposite: 0
  m_Offset: {x: 0, y: 0.02}
  m_Size: {x: 0.12, y: 0.15}
  m_Direction: 0
--- !u!114 &114044014488427770
MonoBehaviour:
  m_ObjectHideFlags: 1
  m_PrefabParentObject: {fileID: 0}
  m_PrefabInternal: {fileID: 100100000}
  m_GameObject: {fileID: 1115851074346564}
  m_Enabled: 1
  m_EditorHideFlags: 0
  m_Script: {fileID: 11500000, guid: f76dc896799e46098781b96c09c0bd51, type: 3}
  m_Name: 
  m_EditorClassIdentifier: 
  serializationData:
    SerializedFormat: 2
    SerializedBytes: 
    ReferencedUnityObjects:
    - {fileID: 7400000, guid: 69ca53f3a409bb2418f30b4964349c72, type: 2}
    SerializedBytesString: 
    Prefab: {fileID: 0}
    PrefabModificationsReferencedUnityObjects: []
    PrefabModifications: []
    SerializationNodes:
    - Name: IsInvulnerable
      Entry: 5
      Data: false
    - Name: Health
      Entry: 7
      Data: 0|Resource, Assembly-CSharp
    - Name: max
      Entry: 3
      Data: 2
    - Name: current
      Entry: 3
      Data: 2
    - Name: 
      Entry: 8
      Data: 
    - Name: IdleAnimation
      Entry: 10
      Data: 0
--- !u!114 &114646792685817488
MonoBehaviour:
  m_ObjectHideFlags: 1
  m_PrefabParentObject: {fileID: 0}
  m_PrefabInternal: {fileID: 100100000}
  m_GameObject: {fileID: 1115851074346564}
  m_Enabled: 1
  m_EditorHideFlags: 0
  m_Script: {fileID: 11500000, guid: 1dfac23142f84087b7f3d17b0f7483a2, type: 3}
  m_Name: 
  m_EditorClassIdentifier: 
  serializationData:
    SerializedFormat: 2
    SerializedBytes: 
    ReferencedUnityObjects: []
    SerializedBytesString: 
    Prefab: {fileID: 0}
    PrefabModificationsReferencedUnityObjects: []
    PrefabModifications: []
    SerializationNodes:
    - Name: Tags
      Entry: 7
      Data: 0|System.Collections.Generic.List`1[[System.String, mscorlib]], mscorlib
    - Name: 
      Entry: 12
      Data: 0
    - Name: 
      Entry: 13
      Data: 
    - Name: 
      Entry: 8
      Data: 
--- !u!114 &114829882127647068
MonoBehaviour:
  m_ObjectHideFlags: 1
  m_PrefabParentObject: {fileID: 0}
  m_PrefabInternal: {fileID: 100100000}
  m_GameObject: {fileID: 1115851074346564}
  m_Enabled: 1
  m_EditorHideFlags: 0
  m_Script: {fileID: 11500000, guid: 59ca5e71a24f469385cd92dcc078b6a4, type: 3}
  m_Name: 
  m_EditorClassIdentifier: 
  serializationData:
    SerializedFormat: 2
    SerializedBytes: 
    ReferencedUnityObjects:
    - {fileID: 21300000, guid: 9d9a636934816094ba87e44cf69959c9, type: 3}
    SerializedBytesString: 
    Prefab: {fileID: 0}
    PrefabModificationsReferencedUnityObjects: []
    PrefabModifications: []
    SerializationNodes:
    - Name: Preview
      Entry: 10
      Data: 0
    - Name: IsStatic
      Entry: 5
      Data: false
    - Name: Mass
      Entry: 4
      Data: 0.1
    - Name: UseCustomGravity
      Entry: 5
      Data: false
    - Name: EnableGravity
      Entry: 5
      Data: true
    - Name: CustomGravity
      Entry: 4
      Data: 0
    - Name: RoofDetector
      Entry: 7
      Data: 0|CircleTriggerZone, Assembly-CSharp
    - Name: Offset
      Entry: 7
      Data: UnityEngine.Vector2, UnityEngine
    - Name: 
      Entry: 4
      Data: 0
    - Name: 
      Entry: 4
      Data: 0
    - Name: 
      Entry: 8
      Data: 
    - Name: Radius
      Entry: 4
      Data: 0
    - Name: 
      Entry: 8
      Data: 
    - Name: GroundDetector
      Entry: 7
      Data: 1|CircleTriggerZone, Assembly-CSharp
    - Name: Offset
      Entry: 7
      Data: UnityEngine.Vector2, UnityEngine
    - Name: 
      Entry: 4
      Data: 0
    - Name: 
      Entry: 4
      Data: -0.02
    - Name: 
      Entry: 8
      Data: 
    - Name: Radius
      Entry: 4
      Data: 0.05
    - Name: 
      Entry: 8
      Data: 
    - Name: WallDetector
      Entry: 7
      Data: 2|BoxTriggerZone, Assembly-CSharp
    - Name: Offset
      Entry: 7
      Data: UnityEngine.Vector2, UnityEngine
    - Name: 
      Entry: 4
      Data: 0
    - Name: 
      Entry: 4
      Data: 0
    - Name: 
      Entry: 8
      Data: 
    - Name: Size
      Entry: 7
      Data: UnityEngine.Vector2, UnityEngine
    - Name: 
      Entry: 4
      Data: 0
    - Name: 
      Entry: 4
      Data: 0
    - Name: 
      Entry: 8
      Data: 
    - Name: 
      Entry: 8
      Data: 
